@STRING(simax="SIAM J. Matrix Anal. Appl.") 
@STRING(siamsc="SIAM J. Sci. Stat. Comput.") 
@STRING(sisc="SIAM J. Sci. Comput.") 
@STRING(siopt="SIAM J. Optim.") 
@STRING(laa="Linear Algebra Appl.") 
%@STRING(ela="Electron. J. Linear Algebra") 
@STRING(ela="ELA")
@String(bit= "BIT")
@STRING(sinum="SIAM J. Numer. Anal.")
@STRING(sirev="SIAM Rev.")
@STRING(nlaa="Numer. Lin. Alg. Appl.")
@STRING(nm="Numer. Math.")
@STRING(prl="Phys. Rev. Lett.")
@STRING(etna="Electron. Trans. Numer. Anal")
@STRING(jcam="J. Comput. Appl. Math.")
@STRING(anm="Appl. Numer. Math.")
@STRING(amc="Appl. Math. Comput.")
@STRING(jcp="J. Comput. Phys.")
@STRING(mc="Math. Comp.")
@STRING(imajna="IMA J. Numer. Anal.")
@STRING(acmtoms="ACM Trans. Math. Soft.")
@STRING(j-PARALLEL-COMPUTING="Parallel Comput.")
@STRING(sciap="SIAM J. Appl. Math.")


@article{townsend2015automatic,
  title={The automatic solution of partial differential equations using a global spectral method},
  author={Townsend, Alex and Olver, Sheehan},
  journal={Journal of Computational Physics},
  volume={299},
  pages={106--123},
  year={2015},
  publisher={Elsevier}
}

@article{olver2013fast,
  title={A fast and well-conditioned spectral method},
  author={Olver, Sheehan and Townsend, Alex},
  journal={SIAM Review},
  volume={55},
  number={3},
  pages={462--489},
  year={2013},
  publisher={SIAM}
}

@article{yeiser2018spectral,
  title={A spectral element method for meshes with skinny elements},
  author={Yeiser, Aaron and Townsend, Advisor Alex},
  journal={arXiv preprint arXiv:1803.10353},
  year={2018}
}

@article{martinsson2009fast,
  title={A fast direct solver for a class of elliptic partial differential equations},
  author={Martinsson, Per-Gunnar},
  journal={Journal of Scientific Computing},
  volume={38},
  number={3},
  pages={316--330},
  year={2009},
  publisher={Springer}
}

@article{gillman2014direct,
  title={A direct solver with O(N) complexity for variable coefficient elliptic PDEs discretized via a high-order composite spectral collocation method},
  author={Gillman, Adrianna and Martinsson, Per-Gunnar},
  journal={SIAM Journal on Scientific Computing},
  volume={36},
  number={4},
  pages={A2023--A2046},
  year={2014},
  publisher={SIAM}
}

@book{olver2010nist,
  title={NIST handbook of mathematical functions hardback and CD-ROM},
  author={Olver, Frank WJ and Lozier, Daniel W and Boisvert, Ronald F and Clark, Charles W},
  year={2010},
  publisher={Cambridge University Press}
}

@article{sherwin2005spectral,
  title={Spectral/hp element methods for computational fluid dynamics},
  author={Sherwin, SJ and Karniadakis, GE},
  journal={Oxford Science Publications},
  volume={17},
  pages={18},
  year={2005}
}

@article{fortunato2017fast,
  title={Fast Poisson solvers for spectral methods},
  author={Fortunato, Daniel and Townsend, Alex},
  journal={arXiv preprint arXiv:1710.11259},
  year={2017}
}